
@inproceedings{duvsek2014alex,
  title={Alex: Bootstrapping a spoken dialogue system for a new domain by real users},
  author={Du{\v{s}}ek, Ondrej and Pl{\'a}tek, Ondrej and {\v{Z}}ilka, Luk{\'a}{\v{s}} and Jurc{\'\i}cek, Filip},
  booktitle={15th Annual Meeting of the Special Interest Group on Discourse and Dialogue},
  pages={79},
  year={2014}
}

@inproceedings{raux2005let,
  title={{Let's go public! Taking a spoken dialog system to the real world}},
  author={Raux, Antoine and Langner, Brian and Bohus, Dan and Black, Alan W and Eskenazi, Maxine},
  booktitle={in Proc. of Interspeech 2005},
  year={2005},
  organization={Citeseer}
}

@article{young2010hidden,
  title={The hidden information state model: A practical framework for POMDP-based spoken dialogue management},
  author={Young, Steve and Ga{\v{s}}i{\'c}, Milica and Keizer, Simon and Mairesse, Fran{\c{c}}ois and Schatzmann, Jost and Thomson, Blaise and Yu, Kai},
  journal={Computer Speech \& Language},
  volume={24},
  number={2},
  pages={150--174},
  year={2010},
  publisher={Elsevier}
}

@inproceedings{gasic2011line,
  title={On-line policy optimisation of spoken dialogue systems via live interaction with human subjects},
  author={Gasic, Milica and Jurcicek, Filip and Thomson, Blaise and Yu, Kai and Young, Steve},
  booktitle={Automatic Speech Recognition and Understanding (ASRU), 2011 IEEE Workshop on},
  pages={312--317},
  year={2011},
  organization={IEEE}
}

@article{wen2016network,
  title={A Network-based End-to-End Trainable Task-oriented Dialogue System},
  author={Wen, Tsung-Hsien and Gasic, Milica and Mrksic, Nikola and Rojas-Barahona, Lina M and Su, Pei-Hao and Ultes, Stefan and Vandyke, David and Young, Steve},
  journal={arXiv preprint arXiv:1604.04562},
  year={2016}
}


@article{williams2016end,
  title={End-to-end LSTM-based dialog control optimized with supervised and reinforcement learning},
  author={Williams, Jason D and Zweig, Geoffrey},
  journal={arXiv preprint arXiv:1606.01269},
  year={2016}
}

@inproceedings{williams2013dstc1,
  title={The dialog state tracking challenge},
  author={Williams, Jason and Raux, Antoine and Ramachandran, Deepak and Black, Alan},
  booktitle={Proceedings of the SIGDIAL 2013 Conference},
  pages={404--413},
  year={2013}
}

@inproceedings{henderson2014dstc2,
  title={The second dialog state tracking challenge},
  author={Henderson, Matthew and Thomson, Blaise and Williams, Jason},
  booktitle={15th Annual Meeting of the Special Interest Group on Discourse and Dialogue},
  volume={263},
  year={2014}
}

@inproceedings{henderson2014dstc3,
  title={The third dialog state tracking challenge},
  author={Henderson, Matthew and Thomson, Blaise and Williams, Jason D},
  booktitle={Spoken Language Technology Workshop (SLT), 2014 IEEE},
  pages={324--329},
  year={2014},
  organization={IEEE}
}

@inproceedings{mairesse2010phrase,
  title={Phrase-based statistical language generation using graphical models and active learning},
  author={Mairesse, Fran{\c{c}}ois and Ga{\v{s}}i{\'c}, Milica and Jur{\v{c}}{\'\i}{\v{c}}ek, Filip and Keizer, Simon and Thomson, Blaise and Yu, Kai and Young, Steve},
  booktitle={Proceedings of the 48th Annual Meeting of the Association for Computational Linguistics},
  pages={1552--1561},
  year={2010},
  organization={Association for Computational Linguistics}
}

@article{bordes2016learning,
  title={Learning End-to-End Goal-Oriented Dialog},
  author={Bordes, Antoine and Weston, Jason},
  journal={arXiv preprint arXiv:1605.07683},
  year={2016}
}

@article{vodolan2016data,
  title={Data Collection for Interactive Learning through the Dialog},
  author={Vodol{\'a}n, Miroslav and Jur{\v{c}}{\'\i}{\v{c}}ek, Filip},
  journal={arXiv preprint arXiv:1603.09631},
  year={2016}
}

@inproceedings{whittaker2002fish,
  title={Fish or Fowl: A Wizard of Oz Evaluation of Dialogue Strategies in the Restaurant Domain.},
  author={Whittaker, Steve and Walker, Marilyn A and Moore, Johanna D},
  booktitle={LREC},
  year={2002}
}

@inproceedings{rieser2008learning,
  title={Learning Effective Multimodal Dialogue Strategies from Wizard-of-Oz Data: Bootstrapping and Evaluation.},
  author={Rieser, Verena and Lemon, Oliver},
  booktitle={ACL},
  pages={638--646},
  year={2008}
}

@article{walker1997evaluating,
  title={Evaluating competing agent strategies for a voice email agent},
  author={Walker, Marilyn and Hindle, Donald and Fromer, Jeanne and Di Fabbrizio, Giuseppe and Mestel, Craig},
  journal={arXiv preprint cmp-lg/9706019},
  year={1997}
}

@article{duvsek2016sequence,
  title={Sequence-to-Sequence Generation for Spoken Dialogue via Deep Syntax Trees and Strings},
  author={Du{\v{s}}ek, Ond{\v{r}}ej and Jur{\v{c}}{\'\i}{\v{c}}ek, Filip},
  journal={arXiv preprint arXiv:1606.05491},
  year={2016}
}

@inproceedings{jurvcivcek2014factored,
  title={A Factored Discriminative Spoken Language Understanding for Spoken Dialogue Systems},
  author={Jur{\v{c}}{\'\i}{\v{c}}ek, Filip and Du{\v{s}}ek, Ond{\v{r}}ej and Pl{\'a}tek, Ond{\v{r}}ej},
  booktitle={International Conference on Text, Speech, and Dialogue},
  pages={579--586},
  year={2014},
  organization={Springer International Publishing}
}

@book{taylor2009text,
  title={Text-to-speech synthesis},
  author={Taylor, Paul},
  year={2009},
  publisher={Cambridge university press}
}

@inproceedings{platek2014free,
  title={Free on-line speech recogniser based on Kaldi ASR toolkit producing word posterior lattices},
  author={Pl{\'a}tek, Ondrej and Jurc{\i}cek, Filip},
  booktitle={Proceedings of the 15th Annual Meeting of the Special Interest Group on Discourse and Dialogue (SIGDIAL)},
  pages={108--112},
  year={2014}
}

@inproceedings{henderson2014word,
  title={{Word-based dialog state tracking with recurrent neural networks}},
  author={Henderson, Matthew and Thomson, Blaise and Young, Steve},
  booktitle={Proceedings of the 15th Annual Meeting of the Special Interest Group on Discourse and Dialogue (SIGDIAL)},
  pages={292--299},
  year={2014}
}

@article{platek2016recurrent,
  title={Recurrent Neural Networks for Dialogue State Tracking},
  author={Pl\'{a}tek, Ond\v{r}ej and B\v{e}lohl\'{a}vek, Petr and Hude\v{c}ek, Vojt\v{e}ch and Jur\v{c}\'{i}\v{c}ek, Filip},
  journal={arXiv preprint arXiv:todo},
  year={2016}
}


@article{vodolan2015hybrid,
  author    = {Miroslav Vodol{\'{a}}n and
               Rudolf Kadlec and
               Jan Kleindienst},
  title     = {{Hybrid Dialog State Tracker}},
  journal   = {CoRR},
  volume    = {abs/1510.03710},
  year      = {2015},
  url       = {http://arxiv.org/abs/1510.03710},
  timestamp = {Sun, 01 Nov 2015 17:30:45 +0100},
  biburl    = {http://dblp.uni-trier.de/rec/bib/journals/corr/VodolanKK15},
  bibsource = {dblp computer science bibliography, http://dblp.org}
}

